@article{1965_Nicodemus,
  title={Directional reflectance and emissivity of an opaque surface},
  author={Nicodemus, Fred E},
  journal={Applied optics},
  volume={4},
  number={7},
  pages={767--775},
  year={1965},
  publisher={Optica Publishing Group}
}

@inproceedings{2021_Muzet,
  title={IS IT POSSIBLE TO ACHIEVE QUALITY LIGHTING WITHOUT CONSIDERING THE PHOTOMETRY OF THE PAVEMENTS?},
  author={Muzet, Val{\'e}rie and Liandrat, S{\'e}bastien and Bour, Vincent and Dehon, J{\'e}r{\^o}me and Christory, Jean-Pierre},
  booktitle={Conference CIE 2021, NC Malaysia},
  pages={11--25},
  year={2021}
}

@article{2019_Muzet,
  title={Evaluation of the performance of an optimized road surface/lighting combination},
  author={Muzet, Val{\'e}rie and Greffier, Florian and Nicola{\"\i}, Aur{\'e}lia and Taron, Alexandre and Verny, Paul},
  journal={Lighting Research \& Technology},
  volume={51},
  number={4},
  pages={576--591},
  year={2019},
  publisher={SAGE Publications Sage UK: London, England}
}


@article{2018_Rossi,
  title={Lighting implications of urban mitigation strategies through cool pavements: energy savings and visual comfort},
  author={Rossi, Giuseppe and Iacomussi, Paola and Zinzi, Michele},
  journal={Climate},
  volume={6},
  number={2},
  pages={26},
  year={2018},
  publisher={MDPI}
}


@article{2020_Burghardt,
  title={Horizontal road markings for human and machine vision},
  author={Burghardt, Tomasz E and Mosb{\"o}ck, Harald and Pashkevich, Anton and Fioli{\'c}, Mario},
  journal={Transportation research procedia},
  volume={48},
  pages={3622--3633},
  year={2020},
  publisher={Elsevier}
}


@book{2008_Jarosz,
  title={Efficient Monte Carlo methods for light transport in scattering media},
  author={Jarosz, Wojciech},
  year={2008},
  publisher={University of California, San Diego}
}


@book{2022_Hebert,
  title={Optical models for material appearance},
  author={H{\'e}bert, Mathieu},
  year={2022},
  publisher={EDP Sciences Les Ulis, France}
}

@inproceedings{2011_KUSHARI,
  title={Surface albedo of Bangkok roads},
  author={KUSHARI, Berlian and KANITPONG, Kunnawee},
  booktitle={Proceedings of the Eastern Asia Society for Transportation Studies Vol. 8 (The 9th International Conference of Eastern Asia Society for Transportation Studies, 2011)},
  pages={181--181},
  year={2011},
  organization={Eastern Asia Society for Transportation Studies}
}

@inproceedings{2010_Roser,
  title={Camera-based bidirectional reflectance measurement for road surface reflectivity classification},
  author={Roser, Martin and Lenz, Philip},
  booktitle={2010 IEEE Intelligent Vehicles Symposium},
  pages={340--347},
  year={2010},
  organization={IEEE}
}

@inproceedings{2015_Filip,
  title={Analyzing and predicting anisotropic effects of BRDFs},
  author={Filip, Ji{\v{r}}{\'\i}},
  booktitle={Proceedings of the ACM SIGGRAPH Symposium on Applied Perception},
  pages={25--32},
  year={2015}
}

@article{1995_Oren,
  title={Generalization of the Lambertian model and implications for machine vision},
  author={Oren, Michael and Nayar, Shree K},
  journal={International Journal of Computer Vision},
  volume={14},
  pages={227--251},
  year={1995},
  publisher={Springer}
}

@phdthesis{2000_Meister,
  title={Bidirectional reflectance of urban surfaces},
  author={Meister, Gerhard},
  year={2000},
  school={Staats-und Universit{\"a}tsbibliothek Hamburg Carl von Ossietzky}
}

@article{2023_Spieringhs,
  title={Road marking BRDF model applicable for a wide range of incident illumination conditions},
  author={Spieringhs, Rik Marco and Audenaert, Jan and Smet, Kevin and Heynderickx, Ingrid and Hanselaer, Peter},
  journal={JOSA A},
  volume={40},
  number={3},
  pages={590--601},
  year={2023},
  publisher={Optica Publishing Group}
}

@article{2014_Heitz,
  title={Understanding the masking-shadowing function in microfacet-based BRDFs},
  author={Heitz, Eric},
  journal={Journal of Computer Graphics Techniques},
  volume={3},
  number={2},
  pages={32--91},
  year={2014}
}


@article{1982_Cook,
  title={A reflectance model for computer graphics},
  author={Cook, Robert L and Torrance, Kenneth E.},
  journal={ACM Transactions on Graphics (ToG)},
  volume={1},
  number={1},
  pages={7--24},
  year={1982},
  publisher={ACM New York, NY, USA}
}

@article{2012_Montes,
  title={An overview of BRDF models},
  author={Montes, Rosana and Ure{\~n}a, Carlos},
  journal={University of Grenada, Technical Report LSI-2012-001},
  year={2012}
}


@article{2016_Pharr,
  title={Physically Based Rendering: From Theory to Implementation},
  author={Pharr, Matt and Jakob, Wenzel and Humphreys, Greg},
  year={2016},
  publisher={Morgan Kaufmann Publishers Inc.}
}


@article{2007_Walter,
  title={Microfacet Models for Refraction through Rough Surfaces.},
  author={Walter, Bruce and Marschner, Stephen R and Li, Hongsong and Torrance, Kenneth E},
  journal={Rendering techniques},
  volume={2007},
  pages={18th},
  year={2007}
}

@inproceedings{2023_Lucas,
  title={A Micrograin BSDF Model for the Rendering of Porous Layers},
  author={Lucas, Simon and Ribardi{\`e}re, Micka{\"e}l and Pacanowski, Romain and Barla, Pascal},
  booktitle={SIGGRAPH Asia 2023 Conference Papers},
  pages={1--10},
  year={2023}
}

@article{2024_Lucas,
  title={A Fully-correlated Anisotropic Micrograin BSDF Model},
  author={Lucas, Simon and Ribardi{\`e}re, Micka{\"e}l and Pacanowski, Romain and Barla, Pascal},
  journal={ACM Transactions on Graphics},
  volume={43},
  number={4},
  pages={111},
  year={2024}
}

@inproceedings{1997_Lafortune,
  title={Non-linear approximation of reflectance functions},
  author={Lafortune, Eric PF and Foo, Sing-Choong and Torrance, Kenneth E and Greenberg, Donald P},
  booktitle={Proceedings of the 24th annual conference on Computer graphics and interactive techniques},
  pages={117--126},
  year={1997}
}

@inproceedings{2015_Gimonet,
  title={How to predict real road state from vehicle embedded camera?},
  author={Gimonet, Nicolas and Cord, Aur{\'e}lien and Saint Pierre, Guillaume},
  booktitle={2015 IEEE Intelligent Vehicles Symposium (IV)},
  pages={593--598},
  year={2015},
  organization={IEEE}
}


@article{2015_Qu,
  title={Mapping surface broadband albedo from satellite observations: A review of literatures on algorithms and products},
  author={Qu, Ying and Liang, Shunlin and Liu, Qiang and He, Tao and Liu, Suhong and Li, Xiaowen},
  journal={Remote Sensing},
  volume={7},
  number={1},
  pages={990--1020},
  year={2015},
  publisher={MDPI}
}


@article{2019_Chen,
  title={Field and laboratory measurement of albedo and heat transfer for pavement materials},
  author={Chen, Jun and Zhou, Zheng and Wu, Jiantao and Hou, Shuguang and Liu, Mengcheng},
  journal={Construction and Building Materials},
  volume={202},
  pages={46--57},
  year={2019},
  publisher={Elsevier}
}


@article{1984_Hapke,
  title={Bidirectional reflectance spectroscopy},
  author={Hapke, Bruce},
  journal={Icarus},
  volume={59},
  number={1},
  pages={41--59},
  year={1984},
  publisher={Elsevier Science}
}

@article{2022_Wise,
  title={Field reflectance measurements at night of beach and desert sands within a particulate brdf model},
  author={Wise, John E and Mars, John C},
  journal={Remote Sensing},
  volume={14},
  number={19},
  pages={5020},
  year={2022},
  publisher={MDPI}
}

@article{2023_Zhuang,
  title={Visible and near-infrared reflectance spectra of igneous rocks and their powders},
  author={Zhuang, Yan and Zhang, Hao and Ma, Pei and Jiang, Te and Yang, Yazhou and Milliken, Ralph E and Hsu, Weibiao},
  journal={Icarus},
  volume={391},
  pages={115346},
  year={2023},
  publisher={Elsevier}
}

@article{1988_Blumthaler,
  title={Solar UVB-albedo of various surfaces},
  author={Blumthaler, M and Ambach, W},
  journal={Photochemistry and photobiology},
  volume={48},
  number={1},
  pages={85--88},
  year={1988},
  publisher={Wiley Online Library}
}


@article{2022_Bai,
  title={Study on the solar albedo characteristics of pavement and embankment slope surfaces in permafrost regions},
  author={Bai, Ruiqiang and Zhang, Mingyi and Wang, Jiwei and Li, Guanji and You, Zhilang},
  journal={Solar Energy},
  volume={237},
  pages={352--364},
  year={2022},
  publisher={Elsevier}
}

@incollection{2019_Iacomussi,
  title={Influence of Material Characterization in the Design of Tunnel Lighting Installations},
  author={Iacomussi, Paola and Rossi, Giuseppe and others},
  booktitle={CIE Washington 2019},
  pages={546--552},
  year={2019}
}


@article{1967_Torrance,
  title={Theory for off-specular reflection from roughened surfaces},
  author={Torrance, Kenneth E and Sparrow, Ephraim M},
  journal={Journal of the Optical society of America},
  volume={57},
  number={9},
  pages={1105--1114},
  year={1967},
  publisher={Optical Society of America}
}

@incollection{2021_Majercik,
  title={The schlick fresnel approximation},
  author={Majercik, Zander},
  booktitle={Ray Tracing Gems II: Next Generation Real-Time Rendering with DXR, Vulkan, and OptiX},
  pages={109--114},
  year={2021},
  publisher={Springer}
}

@inproceedings{1994_Schlick,
  title={An inexpensive BRDF model for physically-based rendering},
  author={Schlick, Christophe},
  booktitle={Computer graphics forum},
  volume={13},
  number={3},
  pages={233--246},
  year={1994},
  organization={Wiley Online Library}
}

@article{2005_Lazanyi,
  title={Fresnel term approximations for metals},
  author={Laz{\'a}nyi, Istv{\'a}n and Szirmay-Kalos, L{\'a}szl{\'o}},
  journal={Winter School of Computer Graphics (WSCG), Short papers},
  volume={2},
  number={6},
  year={2005}
}


@article{2000_Ashikhmin,
  title={An anisotropic phong brdf model},
  author={Ashikhmin, Michael and Shirley, Peter},
  journal={Journal of graphics tools},
  volume={5},
  number={2},
  pages={25--32},
  year={2000},
  publisher={Taylor \& Francis}
}

@article{2009_Simonot,
  title={Photometric model of diffuse surfaces described as a distribution of interfaced Lambertian facets},
  author={Simonot, Lionel},
  journal={Applied optics},
  volume={48},
  number={30},
  pages={5793--5801},
  year={2009},
  publisher={Optical Society of America}
}

@inproceedings{2001_Kelemen,
  title={A Microfacet Based Coupled Specular-Matte BRDF Model with Importance Sampling.},
  author={Kelemen, Csaba and Szirmay-Kalos, Laszlo},
  booktitle={Eurographics (short presentations)},
  year={2001}
}


@inproceedings{2012_Burley,
  title={Physically-based shading at disney},
  author={Burley, Brent and Studios, Walt Disney Animation},
  booktitle={Acm siggraph},
  volume={2012},
  number={2012},
  pages={1--7},
  year={2012},
  organization={vol. 2012}
}